@article{Bardeen1957,
author = {Bardeen, J. and Cooper, L. N. and Schrieffer, J. R.},
doi = {10.1103/PhysRev.108.1175},
issn = {0031-899X},
journal = {Physical Review},
month = {dec},
number = {5},
pages = {1175--1204},
title = {{Theory of Superconductivity}},
url = {https://link.aps.org/doi/10.1103/PhysRev.108.1175},
volume = {108},
year = {1957}
}
@article{CastroNeto2009,
author = {{Castro Neto}, A. H. and Guinea, F. and Peres, N. M. R. and Novoselov, K. S. and Geim, A. K.},
doi = {10.1103/RevModPhys.81.109},
file = {::},
issn = {0034-6861},
journal = {Reviews of Modern Physics},
month = {jan},
number = {1},
pages = {109--162},
publisher = {American Physical Society},
title = {{The electronic properties of graphene}},
url = {https://link.aps.org/doi/10.1103/RevModPhys.81.109},
volume = {81},
year = {2009}
}
