@article{CastroNeto2009,
author = {{Castro Neto}, A. H. and Guinea, F. and Peres, N. M. R. and Novoselov, K. S. and Geim, A. K.},
doi = {10.1103/RevModPhys.81.109},
file = {::},
issn = {0034-6861},
journal = {Reviews of Modern Physics},
month = {jan},
number = {1},
pages = {109--162},
publisher = {American Physical Society},
title = {{The electronic properties of graphene}},
url = {https://link.aps.org/doi/10.1103/RevModPhys.81.109},
volume = {81},
year = {2009}
}
